@booklet{project1,
    author   = "Hjorth-Jensen, Morten",
    title     = "Machine Learning",
    howpublished   = "Project-1",
    year      = "2018",
    url  = {https://compphysics.github.io/MachineLearning/doc/Projects/2018/Project1/html/Project1.html}
}

@book{hastie,
  Author = {Hastie et. al.},
  Title = {The Elements of Statistical Learning},
  Publisher = {Springer},
  Year = {2009},
  ISBN = {978-0-387-84857-0},
}

@misc{scikit,
  title = {{Scikit learn} machine learning for python},
  howpublished = {\url{http://scikit-learn.org/stable/index.html}},
  note = {Accessed: 2018-10-07}
}

@misc{cross-valid,
  title = {{Cross-validation (statistics)}},
  howpublished = {\url{https://en.wikipedia.org/wiki/Cross-validation_(statistics)}},
  note = {Accessed: 2018-10-07}
}

@misc{wiki-tikhonob,
  title = {{Tikhonob regularization}},
  howpublished = {\url{https://en.wikipedia.org/wiki/Tikhonov_regularization}},
  note = {Accessed: 2018-10-07}
}

\cite{morten-reg}
[Morten regression notat]
@misc{morten-reg,
  title = {{Data Analysis and Machine Learning: Linear Regression and more Advanced Regression Analysis}},
  howpublished = {\url{https://compphysics.github.io/MachineLearning/doc/pub/Regression/html/Regression.html}},
  note = {Accessed: 2018-10-07}
}

@misc{coef,
  title = {{Coefficient of determination}},
  howpublished = {\url{https://en.wikipedia.org/wiki/Coefficient_of_determination}},
  note = {Accessed: 2018-10-07}
}
