@booklet{compphys,
    author   = "Hjorth-Jensen, Morten",
    title     = "Computational Physics",
    howpublished   = "Lecture notes",
    year      = "2015",
    url  = {https://github.com/CompPhysics/ComputationalPhysics/blob/master/doc/Lectures/lectures2015.pdf}
}

@article{oblig1,
    author    = "Johansson, Anders",
    title     = "Project 1",
    journal   = "FYS3150, Computational Physics",
    pages    = "4-6",
    year      = "2016",
    month    = "9",
    url = {https://github.com/anjohan/Offentlig/blob/master/FYS3150/Oblig1/Johansson_Anders_FYS3150_Oblig1.pdf}
}

@book{uniphys,
  Author = {Hugh D. Young and Roger A. Freedman and A. Lewis Ford},
  Title = {Sears and Zemansky's University Physics with Modern Physics, 13th Edition},
  Publisher = {Addison-Wesley},
  Year = {2011},
  ISBN = {0321696867},
}
